@article{guyon2002gene,
  title={Gene selection for cancer classification using support vector machines},
  author={Guyon, Isabelle and Weston, Jason and Barnhill, Stephen and Vapnik, Vladimir},
  journal={Machine learning},
  volume={46},
  number={1},
  pages={389--422},
  year={2002},
  publisher={Springer}
}

@article{noble2006support,
  title={What is a support vector machine?},
  author={Noble, William S},
  journal={Nature biotechnology},
  volume={24},
  number={12},
  pages={1565--1567},
  year={2006},
  publisher={Nature Publishing Group}
}

@article{noble2004support,
  title={Support vector machine applications in computational biology, Kernel Methods in Computational Biology},
  author={Noble, WS},
  journal={Scholkopf et al},
  year={2004}
}



